@Misc{larrygritzarman, 
 author = {{Larry Gritz}},
 title = {Advanced RenderMan: Creating CGI for Motion Pictures},
 howpublished = {\url{http://www.larrygritz.com/arman/materials.html}},  
 notes = {17 November 1999}, 
 year = 1999
}

@Misc{fundza, 
 author = {{Fundza}},
 title = {RSL, Using smoothstep},
 howpublished = {\url{http://www.fundza.com/rman_shaders/smoothstep/}}, 
 year = 2002
}

@Misc{rust, 
 author = {{Larry Gritz}},
 title = {Metal with specks of rust},
 howpublished = {\url{https://github.com/sambler/osl-shaders/blob/master/metal/LGRustyMetal/LGRustyMetal.osl}}, 
 year = 1995
}

@Misc{marble, 
 author = {{Larry Gritz}},
 title = {Surface shader for a nice veined marble},
 howpublished = {\url{https://github.com/sambler/osl-shaders/blob/master/stone/LGVeinedMarble/LGVeinedMarble.osl}}, 
 year = 1994
}

@Misc{Rock, 
 author = {{Rasmus Seerup}},
 title = {Rock Material},
 howpublished = {\url{https://materialw.wordpress.com/materials/rock-material/}}, 
 year = 2012
}


